@misc{Chombo,
author = {Adams, M. and Colella, P. and Graves, D. T. and Johnson, J. N. and Keen, N. D. and Ligocki, T. J. and Martin, D. F. and McCorquodale, P. W. and Modiano, D. and Schwartz, P. O. and Sternberg, T. D. and {Van Straalen}, B.},
publisher = {Lawrence Berkeley National Laboratory Technical Report LBNL-6616E},
title = {{Chombo Software Package for AMR Applications - Design Document}},
year = {2016}
}
@techreport{Martin1996,
author = {Martin, D F and Cartwright, K L},
institution = {EECS Department, University of California, Berkeley},
pages = {1--19},
title = {{Solving Poisson's Equation using Adaptive Mesh Refinement}},
url = {papers3://publication/uuid/1E791D61-2448-407E-8FDE-B4785A7C78EA},
year = {1996}
}
@phdthesis{Martin1998,
author = {Martin, D. F.},
file = {:home/parkinsonjl/.local/share/data/Mendeley Ltd./Mendeley Desktop/Downloaded/Martin - 1998 - An Adaptive Cell-Centered Projection Method for the Incompressible Euler Equations.pdf:pdf},
pages = {216},
school = {University of California at Berkeley},
title = {{An Adaptive Cell-Centered Projection Method for the Incompressible Euler Equations}},
year = {1998}
}
@book{Briggs2000,
author = {Briggs, William L and McCormick, Steve F and Henson, Van E},
file = {:home/parkinsonjl/.local/share/data/Mendeley Ltd./Mendeley Desktop/Downloaded/Briggs, McCormick, Henson - 2000 - A multigrid tutorial.pdf:pdf},
isbn = {9780898714623},
publisher = {Society for Industrial and Applied Mathematics},
title = {{A multigrid tutorial}},
year = {2000}
}
@article{Henson2002,
author = {Henson, V E},
file = {:home/parkinsonjl/Documents/Papers/HensonFASMultigrid.pdf:pdf},
keywords = {and information science,computing,elasticity,general and miscellaneous//mathematics,molecular structure,nonlinear problems,partial differential equations,relaxation},
title = {{Multigrid Methods for Nonlinear Problems: An Overview}},
url = {http://www.osti.gov/scitech/biblio/15002749},
year = {2002}
}
